@book{redbook,
 author = {John Kessenich and Graham Sellers and Dave Shreiner},
 title = {OpenGL Programming Guide: The Official Guide to Learning OpenGL, Version 4.5 with SPIR-V},
 year = {2005},
 isbn = {978-0-13-449549-1},
 publisher = {Addison-Wesley},
 }
 
 
@inproceedings{inproceedings,
author = {Alhwarin, Faraj and Ferrein, Alexander and Scholl, Ingrid},
year = {2014},
month = {12},
pages = {},
title = {IR Stereo Kinect: Improving Depth Images by Combining StructuredLight with IR Stereo},
doi = {10.1007/978-3-319-13560-1_33}
} 

@inproceedings{ RAFIBAKHSH15,
    author = "N.RAFIBAKHSH and J.GONG2 and Mohsin K. SIDDIQUI, C.GORDON  and H.Felix LEE",
    title = "Analysis of XBOX Kinect Sensor Data for Use on Construction Sites: Depth Accuracy and Sensor Interference Assessment",
    year = "2015",
    url = "https://silviogiancola.com/publication/2016-01-21-metrological-analysis-kinect-v2/Paper.pdf"
}


@PhdThesis{ Matheron,
    author = "Eric Matheron",
    title = "Incidence des phories verticales sur le contrôle posturalen vision binoculaire",
    year = {2009},
    type = 	{Thèse en Sciences (Neurosciences)},
    month = {dec},
    url = "https://tel.archives-ouvertes.fr/tel-00464265/document"
}

@PhdThesis{Harvent,
  author = 	 {Jacques Harvent},
  title = 	 {Mesure de formes par corrélation multi-images : application à l'inspection de pièces aéronautiques à l'aide d'un système multi-caméras},
  school = 	 {Université Paris 8},
  year = 	 {2010},
  type = 	 {Thèse en Systèmes informatiques critiques},
  month = 	 nov
}
@article{ ,
    author = "F. Kenton Musgrave and Craig E. Kolb and Robert S. Mace",
    title = "AmetrologicalcharacterizationoftheKinectV2time-of-flightcamera",
    journal = "ELSEVIER",
    year = "2015",
    url = "https://silviogiancola.com/publication/2016-01-21-metrological-analysis-kinect-v2/Paper.pdf"
}

@article{ KentonCraigMace12,
    author = "F. Kenton Musgrave and Craig E. Kolb and Robert S. Mace",
    title = "Shake'n'Sense: Reducing Interference for Overlapping Structured Light Depth Cameras",
    year = "2012",
    url = "https://www.microsoft.com/en-us/research/wp-content/uploads/2016/02/shake27n27Sense.pdf"
}

@article{ MaimoneFuchs15,
    author = "A.Maimone and H.Fuchs",
    title = "Encumbrance-Free Telepresence System with Real-Time 3D Capture andDisplay using Commodity Depth Cameras",
    year = "2015",
    url = "https://silviogiancola.com/publication/2016-01-21-metrological-analysis-kinect-v2/Paper.pdf"
}

@online{,
  title = 	 {What is a stereo vision camera?},
  howpublished = {\url{https://www.e-consystems.com/blog/camera/what-is-a-stereo-vision-camera/}},
  year =         {2018}
}


@online{,
  title = 	 {Vision binoculaire},
  howpublished = {\urlhttps://opto.ca/fr/health-library/vision-binoculaire}}
}

@online{,
  author = "François Cabestaing",
  title = 	 {Rectification épipolaire stéréovision dense},
  howpublished = {\url{http://master-ivi.univ-lille1.fr/fichiers/Cours/VisA-semaine-3-dense-stereovision.pdf}}
}


@online{,
  title = 	 {How to calculate the FOV in degrees from focal length or distance?},
  howpublished = {\url{https://photo.stackexchange.com/questions/41273/how-to-calculate-the-fov-in-degrees-from-focal-length-or-distance}},
   year = {2013}
}

@online{,
  author = "Nicolas Vandenbroucke",
  title = 	 {Vision industrielleLe dispositif optique},
  howpublished = {\url{http://master-ivi.univ-lille1.fr/fichiers/Cours/Vind_Cours_07_Dispositif-optique.pdf}}
}

@online{,
  author = "Peter Corke" 
  title = 	 {What is the relation between FOV, Focal Length and Sensor size in a Pin hole Camera Model?},
  howpublished = {\url{https://robotics.stackexchange.com/questions/19011/what-is-the-relation-between-fov-focal-length-and-sensor-size-in-a-pin-hole-cam}}
}

@online{,
  author = "Kevin Lee",
  title = 	 {Real depth using disparity map? },
  howpublished = {\url{https://www.researchgate.net/post/Real_depth_using_disparity_map}}
}


@online{,
  title = 	 {Kinect},
  howpublished = {\url{https://en.wikipedia.org/wiki/Kinect}},
   year = {2013}
}

@online{,
  author = "Nicolas Vandenbroucke",
  title = 	 {A closer look at Microsoft’s new Kinect sensor},
  howpublished = {\url{https://www.theverge.com/2019/2/25/18239860/microsoft-kinect-azure-dk-hands-on-mwc-2019}},
  year = {2019},
  month = feb
}

@online{,
  author = "Julien Bergounhoux",
  title = 	 {[MWC 2019] Microsoft veut s'imposer dans la perception apliquée à l'IoT avec Azure Kinect},
  howpublished = {\url{https://www.usine-digitale.fr/article/microsoft-veut-s-imposer-dans-la-perception-appliquee-a-l-iot-avec-azure-kinect.N813495}},
  year = {2019},
  month = mar
}

@online{,
  howpublished = {\url{https://www.fotor.com/fr/}},
}